@BOOK{1,
	AUTHOR = {Dirac, Paul A. M.},
	YEAR = {2013},
	TITLE = {Lectures on Quantum Mechanics - 1 and 2},
	EDITION = {},
	ISBN = {978-0-486-32028-1},
	PUBLISHER = {Courier Corporation},
	ADDRESS = {New York},
}
@BOOK{2,
	AUTHOR = {Landau, L D AND Lifshitz, E.M.},
	YEAR = {1982},
	TITLE = {Mechanics},
	EDITION = {},
	ISBN = {978-0-080-50347-9},
	PUBLISHER = {Elsevier},
	ADDRESS = {Amsterdam},
}
@BOOK{3,
	AUTHOR = {Gitman, Dmitri AND Tyutin, Igor V.},
	YEAR = {2012},
	TITLE = {Quantization of Fields with Constraints},
	EDITION = {},
	ISBN = {978-3-642-83938-2},
	PUBLISHER = {Springer Science},
	ADDRESS = {Berlin, Heidelberg},
}
@BOOK{4,
	AUTHOR = {Feynman, Richard P. AND Hibbs, Albert R. AND Styer, Daniel F.},
	YEAR = {2010},
	TITLE = {Quantum Mechanics and Path Integrals},
	EDITION = {},
	ISBN = {978-0-486-47722-0},
	PUBLISHER = {Courier Corporation},
	ADDRESS = {New York},
}
@BOOK{5,
	AUTHOR = {Henley, Ernest M. AND Thirring, Walter},
	YEAR = {2011},
	TITLE = {Elementary Quantum Field Theory},
	EDITION = {},
	ISBN = {978-1-178-49926-1},
	ADDRESS = {Freiburg, Leipzig, TÃ¼bingen},
}
@ARTICLE {6,
    author  = "C. et al. Batlle ",
    title = "J.Math.Phys. 27 (1986) 2953",
}
@ARTICLE {7,
    author  = "J.M. et al. Pons ",
    title = "J.Phys. A32 (1999) 419; math-ph/9811029",
}